<?xml version="1.0" encoding="UTF-8"?>
<record>
  <leader>00892nam#a2200277#c#4500</leader>
  <controlfield tag="005">20230210022738.0</controlfield>
  <controlfield tag="007">hu#|||000||||</controlfield>
  <controlfield tag="008">980716|1624####xx############|||#|#####c</controlfield>
  <controlfield tag="003">DE-605</controlfield>
  <controlfield tag="001">990035016180206441</controlfield>
  <datafield tag="016" ind1="7" ind2=" ">
    <subfield code="a">1072809401</subfield>
    <subfield code="2">OCoLC</subfield>
  </datafield>
  <datafield tag="020" ind1=" " ind2=" ">
    <subfield code="a">3598521103</subfield>
    <subfield code="c">DM 189,- (zusammen mit den anderen Werken des Autors)</subfield>
    <subfield code="9">3-598-52110-3</subfield>
  </datafield>
  <datafield tag="035" ind1=" " ind2=" ">
    <subfield code="a">(DE-605)HT008733617</subfield>
  </datafield>
  <datafield tag="040" ind1=" " ind2=" ">
    <subfield code="a">292</subfield>
    <subfield code="b">ger</subfield>
    <subfield code="e">rakwb</subfield>
  </datafield>
  <datafield tag="084" ind1=" " ind2=" ">
    <subfield code="a">200</subfield>
    <subfield code="2">rpb</subfield>
  </datafield>
  <datafield tag="100" ind1="1" ind2=" ">
    <subfield code="a">Opitz, Martin</subfield>
    <subfield code="d">1597-1639</subfield>
    <subfield code="0">(DE-588)118590111</subfield>
    <subfield code="4">aut</subfield>
  </datafield>
  <datafield tag="245" ind1="1" ind2="0">
    <subfield code="a">Teutsche Poemata vnd Aristarchos</subfield>
  </datafield>
  <datafield tag="250" ind1=" " ind2=" ">
    <subfield code="a">[Mikrofiche-Ausg.]</subfield>
  </datafield>
  <datafield tag="264" ind1=" " ind2="1">
    <subfield code="a">Strassburg</subfield>
    <subfield code="c">1624</subfield>
  </datafield>
  <datafield tag="035" ind1=" " ind2=" ">
    <subfield code="a">(OCoLC)1072809401</subfield>
  </datafield>
  <datafield tag="960" ind1="1" ind2=" ">
    <subfield code="o">bdl</subfield>
  </datafield>
  <datafield tag="964" ind1="0" ind2="s">
    <subfield code="F">030</subfield>
    <subfield code="A">a|1uc||||||17</subfield>
  </datafield>
  <datafield tag="964" ind1="0" ind2="s">
    <subfield code="F">050</subfield>
    <subfield code="A">|||a||||||||||</subfield>
  </datafield>
  <datafield tag="964" ind1="0" ind2="s">
    <subfield code="F">051</subfield>
    <subfield code="A">m|||||||</subfield>
  </datafield>
  <datafield tag="533" ind1=" " ind2=" ">
    <subfield code="a">Mikrofiche-Ausg.:</subfield>
    <subfield code="b">München [u.a.]</subfield>
    <subfield code="c">Saur</subfield>
    <subfield code="d">1990 - 1994</subfield>
    <subfield code="f">Bibliothek der deutschen Literatur</subfield>
    <subfield code="e">27 Mikrofiches</subfield>
  </datafield>
  <datafield tag="535" ind1="1" ind2=" ">
    <subfield code="a">15</subfield>
  </datafield>
  <datafield tag="MBD" ind1=" " ind2=" ">
    <subfield code="M">49HBZ_NETWORK</subfield>
    <subfield code="i">990035016180206441</subfield>
    <subfield code="n">HBZ Network</subfield>
  </datafield>
  <datafield tag="MBD" ind1=" " ind2=" ">
    <subfield code="M">49HBZ_WUP</subfield>
    <subfield code="i">990007991640206447</subfield>
    <subfield code="n">Bergische Universität Wuppertal</subfield>
  </datafield>
  <datafield tag="020" ind1=" " ind2=" ">
    <subfield code="a">3598521103</subfield>
    <subfield code="c">DM 189,- (zusammen mit den anderen Werken des Autors)</subfield>
    <subfield code="9">3-598-52110-3</subfield>
    <subfield code="M">49HBZ_WUP</subfield>
  </datafield>
  <datafield tag="983" ind1=" " ind2=" ">
    <subfield code="b">ZZWB</subfield>
    <subfield code="9">LOCAL</subfield>
    <subfield code="M">49HBZ_WUP</subfield>
  </datafield>
  <datafield tag="MBD" ind1=" " ind2=" ">
    <subfield code="M">49HBZ_SIE</subfield>
    <subfield code="i">990008550850106462</subfield>
    <subfield code="n">Universität Siegen</subfield>
  </datafield>
  <datafield tag="020" ind1=" " ind2=" ">
    <subfield code="a">3598521103</subfield>
    <subfield code="c">DM 189,- (zusammen mit den anderen Werken des Autors)</subfield>
    <subfield code="9">3-598-52110-3</subfield>
    <subfield code="M">49HBZ_SIE</subfield>
  </datafield>
  <datafield tag="983" ind1=" " ind2=" ">
    <subfield code="b">BYH</subfield>
    <subfield code="9">LOCAL</subfield>
    <subfield code="M">49HBZ_SIE</subfield>
  </datafield>
  <datafield tag="MNG" ind1=" " ind2=" ">
    <subfield code="c">System</subfield>
    <subfield code="f">ILS</subfield>
    <subfield code="i">marc21</subfield>
    <subfield code="k">01</subfield>
    <subfield code="e">false</subfield>
    <subfield code="d">2023-04-03 01:03:47 Europe/Berlin</subfield>
    <subfield code="g">003501618-HBZ01</subfield>
    <subfield code="j">60</subfield>
    <subfield code="a">import</subfield>
    <subfield code="b">2021-04-06 03:59:10 Europe/Berlin</subfield>
  </datafield>
  <datafield tag="H52" ind1=" " ind2=" ">
    <subfield code="b">W0001</subfield>
    <subfield code="c">06</subfield>
    <subfield code="h"/>
    <subfield code="8">22121154650006447</subfield>
  </datafield>
  <datafield tag="HOL" ind1=" " ind2=" ">
    <subfield code="b">2021-04-06 07:41:29</subfield>
    <subfield code="8">22121154650006447</subfield>
    <subfield code="M">49HBZ_WUP</subfield>
    <subfield code="g">false</subfield>
    <subfield code="a">import</subfield>
  </datafield>
  <datafield tag="ITM" ind1=" " ind2=" ">
    <subfield code="H">22121154650006447</subfield>
    <subfield code="x">06</subfield>
    <subfield code="f">BOOK</subfield>
    <subfield code="v">06</subfield>
    <subfield code="p">12</subfield>
    <subfield code="X">System</subfield>
    <subfield code="U">1998-07-16 12:59:00 Europe/Berlin</subfield>
    <subfield code="Y">2021-04-06 09:42:15 Europe/Berlin</subfield>
    <subfield code="h">false</subfield>
    <subfield code="n">ZZWB1008</subfield>
    <subfield code="M">49HBZ_WUP</subfield>
    <subfield code="s">1</subfield>
    <subfield code="d">#</subfield>
    <subfield code="V">import</subfield>
    <subfield code="b">456292-10</subfield>
    <subfield code="a">23121154640006447</subfield>
    <subfield code="t">8</subfield>
    <subfield code="W">1998-07-16 02:00:00 Europe/Berlin</subfield>
    <subfield code="u">W0001</subfield>
    <subfield code="w">W0001</subfield>
  </datafield>
  <datafield tag="H52" ind1="8" ind2=" ">
    <subfield code="b">S0001</subfield>
    <subfield code="c">ARMED</subfield>
    <subfield code="8">2277634060006462</subfield>
  </datafield>
  <datafield tag="HOL" ind1=" " ind2=" ">
    <subfield code="b">2022-07-11 08:35:00</subfield>
    <subfield code="8">2277634060006462</subfield>
    <subfield code="M">49HBZ_SIE</subfield>
    <subfield code="g">false</subfield>
    <subfield code="a">import</subfield>
  </datafield>
  <datafield tag="ITM" ind1=" " ind2=" ">
    <subfield code="H">2277634060006462</subfield>
    <subfield code="x">ARMED</subfield>
    <subfield code="f">FICHE</subfield>
    <subfield code="v">ARMED</subfield>
    <subfield code="p">13</subfield>
    <subfield code="X">System</subfield>
    <subfield code="U">1998-07-16 12:59:00 Europe/Berlin</subfield>
    <subfield code="Y">2022-07-11 10:35:51 Europe/Berlin</subfield>
    <subfield code="h">false</subfield>
    <subfield code="n">70BYH1997-MFIC</subfield>
    <subfield code="M">49HBZ_SIE</subfield>
    <subfield code="s">1</subfield>
    <subfield code="d">8</subfield>
    <subfield code="V">import</subfield>
    <subfield code="b">786164-10</subfield>
    <subfield code="a">2377634040006462</subfield>
    <subfield code="t">8</subfield>
    <subfield code="W">1998-07-16 02:00:00 Europe/Berlin</subfield>
    <subfield code="u">S0001</subfield>
    <subfield code="w">S0001</subfield>
  </datafield>
</record>
